<record><leader>00000cas a22000007a 4500</leader><controlfield tag="001">37880918</controlfield><controlfield tag="008">971103d19021911okuwr n       0    0eng d</controlfield><datafield ind1=" " ind2=" " tag="010"><subfield code="a">sn 97070370 </subfield></datafield><datafield ind1=" " ind2=" " tag="040"><subfield code="a">OBN</subfield><subfield code="b">eng</subfield><subfield code="c">OBN</subfield><subfield code="d">OCLCQ</subfield><subfield code="d">OCLCO</subfield></datafield><datafield ind1="1" ind2=" " tag="029"><subfield code="a">AU@</subfield><subfield code="b">000013613262</subfield></datafield><datafield ind1=" " ind2=" " tag="042"><subfield code="a">msc</subfield></datafield><datafield ind1=" " ind2=" " tag="043"><subfield code="a">n-us-ok</subfield></datafield><datafield ind1="0" ind2="4" tag="245"><subfield code="a">The Seminole capital.</subfield></datafield><datafield ind1="3" ind2=" " tag="246"><subfield code="a">Capital</subfield></datafield><datafield ind1=" " ind2=" " tag="260"><subfield code="a">Wewoka, Seminole Nation, Indian Territory [Okla.] :</subfield><subfield code="b">C. Cranston</subfield></datafield><datafield ind1=" " ind2=" " tag="300"><subfield code="a">v.</subfield></datafield><datafield ind1=" " ind2=" " tag="310"><subfield code="a">Weekly</subfield></datafield><datafield ind1="0" ind2=" " tag="362"><subfield code="a">-v. 10, no. 29 (Aug. 10, 1911).</subfield></datafield><datafield ind1="1" ind2=" " tag="362"><subfield code="a">Began in 1902.</subfield></datafield><datafield ind1=" " ind2=" " tag="588"><subfield code="a">Description based on: Vol. 3, no. 24 (June 2, 1904).</subfield></datafield><datafield ind1=" " ind2="0" tag="651"><subfield code="a">Wewoka (Okla.)</subfield><subfield code="v">Newspapers.</subfield></datafield><datafield ind1=" " ind2="0" tag="651"><subfield code="a">Seminole County (Okla.)</subfield><subfield code="v">Newspapers.</subfield></datafield><datafield ind1=" " ind2="0" tag="651"><subfield code="a">Indian Territory</subfield><subfield code="v">Newspapers.</subfield></datafield><datafield ind1=" " ind2="0" tag="651"><subfield code="a">Seminole Nation (Okla.)</subfield><subfield code="v">Newspapers.</subfield></datafield><datafield ind1=" " ind2=" " tag="752"><subfield code="a">United States</subfield><subfield code="b">Oklahoma</subfield><subfield code="c">Seminole</subfield><subfield code="d">Wewoka.</subfield></datafield><datafield ind1="0" ind2="0" tag="785"><subfield code="t">Seminole County capital</subfield><subfield code="w">(DLC)sn 97070371</subfield><subfield code="w">(OCoLC)37880950</subfield></datafield></record>